<?xml version="1.0" encoding="UTF-8"?><collection xmlns="http://www.loc.gov/MARC21/slim"><record><leader>00568nam--2200193-i-4500</leader><controlfield tag="001">000041051</controlfield><controlfield tag="002">20161230</controlfield><controlfield tag="005">20161230201042</controlfield><controlfield tag="008">060222s1000------------r-----000-0-eng-d</controlfield><datafield ind1=" " ind2=" " tag="040"><subfield code="a">IFIN-HH</subfield></datafield><datafield ind1=" " ind2=" " tag="080"><subfield code="a">537:538</subfield></datafield><datafield ind1="1" ind2=" " tag="100"><subfield code="a">Sears, Francis Weston</subfield></datafield><datafield ind1="1" ind2="0" tag="245"><subfield code="a">Electricity and magnetism</subfield><subfield code="c">Francis weston sears</subfield></datafield><datafield ind1=" " ind2=" " tag="250"><subfield code="a">First Edition, Second Printed</subfield></datafield><datafield ind1=" " ind2=" " tag="260"><subfield code="a">Reading, Massachusetts</subfield><subfield code="b">Addison-wesley Publishing Company, Inc</subfield><subfield code="c">1964</subfield></datafield><datafield ind1=" " ind2=" " tag="300"><subfield code="a">IX+460P</subfield></datafield><datafield ind1=" " ind2=" " tag="490"><subfield code="a">Principles Of Physics Series</subfield></datafield><datafield ind1=" " ind2=" " tag="852"><subfield code="a">27592</subfield><subfield code="c">537:538</subfield></datafield><datafield ind1=" " ind2=" " tag="CAT"><subfield code="a">Sys</subfield><subfield code="c">20110614</subfield><subfield code="h">145818</subfield></datafield></record></collection>